<?xml version="1.0" encoding="UTF-8"?><collection xmlns="http://www.loc.gov/MARC21/slim"><record><leader>00507nam--2200181-u-4500</leader><controlfield tag="001">000053253</controlfield><controlfield tag="002">20161230</controlfield><controlfield tag="005">20161230201051</controlfield><controlfield tag="008">110113s1000------------r-----000-0-fre-d</controlfield><datafield ind1=" " ind2=" " tag="040"><subfield code="a">IFIN-HH</subfield></datafield><datafield ind1=" " ind2=" " tag="041"><subfield code="a">fre</subfield></datafield><datafield ind1=" " ind2=" " tag="080"><subfield code="a">532.783(043)</subfield></datafield><datafield ind1="1" ind2=" " tag="100"><subfield code="a">Pieranski, Pavel</subfield></datafield><datafield ind1="1" ind2="0" tag="245"><subfield code="a">Instabilites hydrodynamiques dans les nematiques. etude experimentale</subfield><subfield code="b">These</subfield><subfield code="c">Pavel pieranski</subfield></datafield><datafield ind1=" " ind2=" " tag="260"><subfield code="a">Orsay</subfield><subfield code="b">Univeriste Paris-sud</subfield><subfield code="c">1976</subfield></datafield><datafield ind1=" " ind2=" " tag="300"><subfield code="a">/PAG. DIF.</subfield></datafield><datafield ind1=" " ind2=" " tag="852"><subfield code="a">44819</subfield><subfield code="c">532</subfield></datafield><datafield ind1=" " ind2=" " tag="CAT"><subfield code="a">Sys</subfield><subfield code="c">20110113</subfield><subfield code="h">150955</subfield></datafield></record></collection>